@misc{gtfs,
  title = {GTFS overview},
  author = {Google},
  url = {https://developers.google.com/transit/gtfs}
}

@misc{mds,
  title = {Mobility Data Specification (MDS)},
  author = {Open Mobility Foundation},
  url = {https://github.com/openmobilityfoundation/mobility-data-specification}
}

@misc{gbfs,
  title = {General Bikeshare Feed Specification},
  author = {North American Bike Share Association},
  url = {https://github.com/NABSA/gbfs}
}

@misc{tompapi,
  title = {Transport Operator Mobility Provider (TOMP) API development for Mobility as a Service},
  author = {TOMP working group},
  url = {https://github.com/TOMP-WG/TOMP-API}
}

@inproceedings{buyle_iswc_demo_2016,
  author = {Buyle, Raf and Colpaert, Pieter and Van Compernolle, Mathias and Mechant, Peter and Volders, Veronique and Verborgh, Ruben and Mannens, Erik},
  title = {Local Council Decisions as Linked Data: a proof of concept},
  booktitle = {Proceedings of the 15th International Semantic Web Conference: Posters and Demos},
  year = 2016,
  month = oct,
  series = {CEUR Workshop Proceedings},
  volume = 1690,
  issn = {1613-0073},
  editor = {Kawamura, Takahiro and Paulheim, Heiko},
  url = {http://pieter.pm/iswc2016-demo-lbld/},
}

@inproceedings{buyle_egose_2016,
  author = {Buyle, Raf and De Vocht, Laurens and Van Compernolle, Mathias and De Paepe, Dieter and Verborgh, Ruben and Vanlishout, Ziggy and De Vidts, Bj\"orn and Mechant, Peter and Mannens, Erik},
  title = {OSLO: Open Standards for Linked Organizations},
  booktitle = {Proceedings of the International Conference on Electronic Governance and Open Society: Challenges in Eurasia},
  year = 2016,
  month = nov,
  pages = {126--134},
  isbn = {978-1-4503-4859-1},
  doi = {10.1145/3014087.3014096},
  url = {https://dl.acm.org/authorize?N20629},
}

@misc{tripsandoffer,
  title = {OSLO mobility: trips and offer},
  author = {OSLO},
  url = {https://data.vlaanderen.be/doc/applicatieprofiel/mobiliteit-trips-en-aanbod/}
}

@misc{ba,
  title = {Decree Basic Accessibility},
  author = { Department of Mobility and Public Works },
  url = {https://www.vlaanderen.be/basisbereikbaarheid/het-decreet-basisbereikbaarheid}
}

@misc{mandate,
  title = {LBLOD mandate registery},
  author = {Flemish Agency for Domestic Governance },
  url = {https://data.vlaanderen.be/doc/applicatieprofiel/mandatendatabank/}
}

@misc{trafficmeasurement,
  title = {LBLOD traffic measurement},
  author = {Flemish Agency for Domestic Governance },
  url = {https://data.vlaanderen.be/doc/applicatieprofiel/besluit-mobiliteit/}
}

@misc{subsidymeasurement,
  title = {LBLOD subsidies},
  author = {Flemish Agency for Domestic Governance},
  url = {https://data.vlaanderen.be/doc/applicatieprofiel/besluit-subsidie/}
}

@misc{cccev,
  title = {Core Criterion and Core Evidence},
  author = {ISA programme - European Union },
  url = {https://joinup.ec.europa.eu/release/core-criterion-and-core-evidence-vocabulary-v100}
}

@online{inspire,
  title = {INSPIRE Data Specification on Transport Networks â€“ Technical Guidelines},
  author = {INSPIRE Thematic Working Group Transport Networks},
  url = {https://inspire.ec.europa.eu/id/document/tg/tn}
}

@misc{tpp,
  title = {Third-party payment specification},
  author = {Van de Vyvere, Brecht and Venselaar, Maarten},
  url = {https://github.com/brechtvdv/third-party-payment-maas-specification}
}

@misc{modi,
  title = {Mobiliteit als een Dienst (MoDi)},
  author = {VLAIO City of Things },
  url = {https://www.vlaio.be/nl/andere-doelgroepen/city-things-slimme-steden-en-gemeenten/city-things#MoDi2B}
}



