@article{dell'aglio2017on,
  title="On a Web of Data Streams",
  author="Daniele {Dell'Aglio} and Danh Le {Phuoc} and Anh {Le-Tuan} and Muhammad Intizar {Ali} and Jean-Paul {Calbimonte}",
  journal="DeSemWeb@ISWC",
  url="https://academic.microsoft.com/paper/2756671071",
  year="2017"
}
@inproceedings{vandewiele_locweb_2017,
  author = {Vandewiele, Gilles and Colpaert, Pieter and Janssens, Olivier and Van Herwegen, Joachim and Verborgh, Ruben and Mannens, Erik and Ongenae, Femke and De Turck, Filip},
  title = {Predicting train occupancies based on query logs and external data sources},
  year = 2017,
  month = apr,
  booktitle = {Proceedings of the 7th International Workshop on Location and the Web},
  url = {http://papers.www2017.com.au.s3-website-ap-southeast-2.amazonaws.com/companion/p1469.pdf},
  doi = {10.1145/3041021.3051699},
}
@online{5stars,
  title = {5 Star Data},
  author = {Berners-Lee, Tim},
  year = 2009,
  url = {https://5stardata.info/en/}
}

@online{gtfsrt,
  title = {GTFS Realtime Overview},
  author = {Google},
  url = {https://developers.google.com/transit/gtfs-realtime}
}

@online{m400,
  title = {Hardware HP ProLiant m400 server at Cloudlab Utah},
  author = {},
  url = {https://docs.cloudlab.us/hardware.html}
}

@online{websub,
  title = {WebSub W3C Recommendation 23 January 2018},
  author = {Genestoux, Julien and Fitzpatrick, Brad and Slatkin, Brett and Atkins, Martin},
  url = {https://www.w3.org/TR/websub/}
}

@online{nginx-ssl,
  title = {Nginx SSL/TLS offloading},
  author = {},
  url = {https://www.nginx.com/blog/nginx-ssl/}
}

@online{nrel,
  title = {NREL National Wind Technology Center (NWTC):
M2 Tower},
  author = "Jager, D.; Andreas, A.",
  year = 1996,
  doi={10.5439/1052222},
}

@inproceedings{taelman_iswc_2018,
  author = {Taelman, Ruben and Van Herwegen, Joachim and Vander Sande, Miel and Verborgh, Ruben},
  title = {Comunica: a Modular {SPARQL} Query Engine for the {Web}},
  booktitle = {Proceedings of the 17th International Semantic Web Conference},
  year = 2018,
  month = oct,
  series = {Lecture Notes in Computer Science},
  volume = 11137,
  editor = {Vrande\v{c}i\'{c}, Denny and Bontcheva, Kalina and Su\'arez-Figueroa, Mari Carmen and Presutti, Valentina and Celino, Irene and Sabou, Marta and Kaffee, Lucie-Aim\'ee and Simperl, Elena},
  publisher = {Springer},
  pages = {239--255},
  isbn = {978-3-030-00668-6},
  url = {https://comunica.github.io/Article-ISWC2018-Resource/},
  doi = {10.1007/978-3-030-00668-6_15},
}
@inproceedings{rojas2018preliminary,
  title={A Preliminary Open Data Publishing Strategy for Live Data in Flanders},
  author={Rojas Mel{\'e}ndez, Juli{\'a}n Andr{\'e}s and Van de Vyvere, Brecht and Gevaert, Arne and Taelman, Ruben and Colpaert, Pieter and Verborgh, Ruben},
  booktitle={Companion Proceedings of the The Web Conference 2018},
  pages={1847--1853},
  year={2018},
  organization={International World Wide Web Conferences Steering Committee}
}
@inproceedings{tommasini2018vocals,
  title="VoCaLS: Vocabulary and Catalog of Linked Streams.",
  author="Riccardo {Tommasini} and Yehia Abo {Sedira} and Daniele {Dell’Aglio} and Marco {Balduini} and Muhammad Intizar {Ali} and Danh Le {Phuoc} and Emanuele Della {Valle} and Jean-Paul {Calbimonte}",
  booktitle="17th International Semantic Web Conference, ISWC 2018",
  volume="11137",
  pages="256--272",
  url="https://academic.microsoft.com/paper/2890115906",
  year="2018"
}

@inproceedings{mauri2016triplewave,
  title={Triplewave: Spreading RDF streams on the web},
  author={Mauri, Andrea and Calbimonte, Jean-Paul and Dell’Aglio, Daniele and Balduini, Marco and Brambilla, Marco and Della Valle, Emanuele and Aberer, Karl},
  booktitle={International Semantic Web Conference},
  pages={140--149},
  year={2016},
  organization={Springer}
}
@article{dell2017stream,
  title={Stream reasoning: A survey and outlook},
  author={Dell’Aglio, Daniele and Della Valle, Emanuele and van Harmelen, Frank and Bernstein, Abraham},
  journal={Data Science},
  volume={1},
  number={1-2},
  pages={59--83},
  year={2017},
  publisher={IOS Press}
}

@article{lubbers2016html5,
  title={Html5 websocket: A quantum leap in scalability for the web (2010)},
  author={Lubbers, Peter and Greco, Frank},
  journal={URL http://www. websocket. org/quantum. html},
  year={2016}
}

@ARTICLE{6197172,
author={V. {Pimentel} and B. G. {Nickerson}},
journal={IEEE Internet Computing},
title={Communicating and Displaying Real-Time Data with WebSocket},
year={2012},
volume={16},
number={4},
pages={45-53},
keywords={file servers;hypermedia;Internet;protocols;real-time systems;real-time data display;Internet communication;stateless information exchange;hyperlinked information;real-time data exchange;Web servers;transmission latency;real-time wind sensor data;Jetty servlet;HTTP connection;WebSocket connection;WebSocket protocol latency;HTTP polling;Servers;Protocols;Real time systems;Internet;Web and internet services;Base stations;Synchronization;Wide area networks;Servers;Protocols;Real time systems;Internet;Computers;Base stations;Synchronization;latency;Web technologies;real time;communications applications;Web servers;data communications aspects;WebSocket;wide area networks},
doi={10.1109/MIC.2012.64},
ISSN={1941-0131},
month={July},}

@article{barbieri2010c,
  title={C-SPARQL: a continuous query language for RDF data streams},
  author={Barbieri, Davide Francesco and Braga, Daniele and Ceri, Stefano and VALLE, EMANUELE DELLA and Grossniklaus, Michael},
  journal={International Journal of Semantic Computing},
  volume={4},
  number={01},
  pages={3--25},
  year={2010},
  publisher={World Scientific}
}
@inproceedings{le2011native,
  title={A native and adaptive approach for unified processing of linked streams and linked data},
  author={Le-Phuoc, Danh and Dao-Tran, Minh and Parreira, Josiane Xavier and Hauswirth, Manfred},
  booktitle={International Semantic Web Conference},
  pages={370--388},
  year={2011},
  organization={Springer}
}


@book{fielding2000architectural,
  title={Architectural styles and the design of network-based software architectures},
  author={Fielding, Roy T and Taylor, Richard N},
  volume={7},
  year={2000},
  publisher={University of California, Irvine Doctoral dissertation}
}
@article{stonebraker20058,
  title={The 8 requirements of real-time stream processing},
  author={Stonebraker, Michael and {\c{C}}etintemel, Uǧur and Zdonik, Stan},
  journal={ACM Sigmod Record},
  volume={34},
  number={4},
  pages={42--47},
  year={2005},
  publisher={ACM}
}
@article{della2009s,
  title={It's a streaming world! Reasoning upon rapidly changing information},
  author={Della Valle, Emanuele and Ceri, Stefano and Van Harmelen, Frank and Fensel, Dieter},
  journal={IEEE Intelligent Systems},
  volume={24},
  number={6},
  pages={83--89},
  year={2009},
  publisher={IEEE}
}
@article{dell2014rsp,
  title={RSP-QL semantics: A unifying query model to explain heterogeneity of RDF stream processing systems},
  author={Dell'Aglio, Daniele and Della Valle, Emanuele and Calbimonte, Jean-Paul and Corcho, Oscar},
  journal={International Journal on Semantic Web and Information Systems (IJSWIS)},
  volume={10},
  number={4},
  pages={17--44},
  year={2014},
  publisher={IGI Global}
}
@article{rezaei2014review,
  title={A review on E-business Interoperability Frameworks},
  author={Rezaei, Reza and Chiew, Thiam Kian and Lee, Sai Peck},
  journal={Journal of Systems and Software},
  volume={93},
  pages={199--216},
  year={2014},
  publisher={Elsevier}
}
@article{colpaert_computer_2014,
  author = {Colpaert, Pieter and Van Compernolle, Mathias and De Vocht, Laurens and Dimou, Anastasia and Vander Sande, Miel and Mechant, Peter and Verborgh, Ruben and Mannens, Erik},
  title = {Quantifying the Interoperability of Open Government Datasets},
  journal = {Computer},
  year = 2014,
  month = oct,
  volume = 47,
  number = 10,
  pages = {50--56},
  doi = {10.1109/MC.2014.296},
  url = {http://ieeexplore.ieee.org/xpl/abstractAuthors.jsp?arnumber=6928763},
}

@article{arasu2006cql,
  title={The CQL continuous query language: semantic foundations and query execution},
  author={Arasu, Arvind and Babu, Shivnath and Widom, Jennifer},
  journal={The VLDB Journal},
  volume={15},
  number={2},
  pages={121--142},
  year={2006},
  publisher={Springer}
}
@INPROCEEDINGS{8088251,
author={N. {Naik}},
booktitle={2017 IEEE International Systems Engineering Symposium (ISSE)},
title={Choice of effective messaging protocols for IoT systems: MQTT, CoAP, AMQP and HTTP},
year={2017},
volume={},
number={},
pages={1-7},
keywords={Internet of Things;machine-to-machine communication;quality of service;transport protocols;IoT system;messaging requirements;messaging protocol;Internet of Things system;MQTT;CoAP;AMQP;HTTP;Quality of service;Reliability;Machine-to-machine communications;Transport protocols;Standards;Security;IoT Systems;M2M Communication;Messaging Protocol;MQTT;CoAP;AMQP;HTTP;Quality of Services;Interoperability},
doi={10.1109/SysEng.2017.8088251},
ISSN={null},
month={Oct},}

@inproceedings{taelman_eswc_2016,
  title = {Continuous Client-side Query Evaluation over Dynamic {Linked Data}},
  author = {Taelman, Ruben and Verborgh, Ruben and Colpaert, Pieter and Mannens, Erik},
  booktitle = {Proceedings of the 13th Extended Semantic Web Conference: Satellite events},
  editor = {Sack, Harald and Rizzo, Giuseppe and Steinmetz, Nadine and Mladeni\'c, Dunja and Auer, S\"oren and Lange, Christoph},
  series = {Lecture Notes in Computer Science},
  volume = 9989,
  publisher = {Springer},
  pages = {273--289},
  isbn = {978-3-319-47602-5},
  doi = {10.1007/978-3-319-47602-5_44},
  month = jun,
  year = 2016,
  url = {http://rubensworks.net/raw/publications/2016/Continuous_Client-Side_Query_Evaluation_over_Dynamic_Linked_Data.pdf},
}

@inproceedings{colpaert_icwe_2017,
  author = {Colpaert, Pieter and Verborgh, Ruben and Mannens, Erik},
  title = {Public Transit Route Planning through Lightweight {Linked Data} Interfaces},
  booktitle = {Proceedings of the 17th International Conference on Web Engineering},
  year = 2017,
  month = jun,
  editor = {Cabot, Jordi and de Virgilio, Roberto and Torlone, Riccardo},
  volume = 10360,
  pages = {403--411},
  series = {Lecture Notes in Computer Science},
  publisher = {Springer},
  url = {https://pietercolpaert.be/papers/icwe2017-lc/paper.pdf},
  doi = {10.1007/978-3-319-60131-1_26},
}

@inproceedings{10.1145/3308558.3313685,
author = {Brickley, Dan and Burgess, Matthew and Noy, Natasha},
title = {Google Dataset Search: Building a Search Engine for Datasets in an Open Web Ecosystem},
year = {2019},
isbn = {9781450366748},
publisher = {Association for Computing Machinery},
address = {New York, NY, USA},
url = {https://doi.org/10.1145/3308558.3313685},
doi = {10.1145/3308558.3313685},
booktitle = {The World Wide Web Conference},
pages = {1365–1375},
numpages = {11},
keywords = {structured data, data discovery, search, metadata},
location = {San Francisco, CA, USA},
series = {WWW ’19}
}
@inproceedings{slodziak2016performance,
  title={Performance Analysis of Web Systems Based on XMLHttpRequest, Server-Sent Events and WebSocket},
  author={S{\l}odziak, Wojciech and Nowak, Ziemowit},
  booktitle={Information Systems Architecture and Technology: Proceedings of 36th International Conference on Information Systems Architecture and Technology--ISAT 2015--Part II},
  pages={71--83},
  year={2016},
  organization={Springer}
}


@article{lubbers2011html5,
  title={Html5 web sockets: A quantum leap in scalability for the web},
  author={Lubbers, Peter},
  journal={http://www. websocket. org/quantum. html},
  year={2011}
}


